<?xml version="1.0" encoding="UTF-8"?><collection><record><leader>09584ntm a2200613 a 4500</leader><controlfield tag="001">006813649</controlfield><controlfield tag="003">MiAaHDL</controlfield><controlfield tag="005">20190719000000.0</controlfield><controlfield tag="006">m        d        </controlfield><controlfield tag="007">cr bn ---auaua</controlfield><controlfield tag="008">090606s1471    sy            00| ||ara d</controlfield><datafield tag="035" ind1=" " ind2=" "><subfield code="a">(MiU)006813649</subfield></datafield><datafield tag="035" ind1=" " ind2=" "><subfield code="a">sdr-miu006813649</subfield></datafield><datafield tag="040" ind1=" " ind2=" "><subfield code="a">MiU</subfield><subfield code="c">MiU</subfield><subfield code="e">amremm</subfield></datafield><datafield tag="043" ind1=" " ind2=" "><subfield code="a">n-us-mi</subfield></datafield><datafield tag="100" ind1="1" ind2=" "><subfield code="6">880-01</subfield><subfield code="a">Ḥalāwī, Muḥammad ibn Muḥammad,</subfield><subfield code="d">1416 or 1417-1478 or 1479.</subfield></datafield><datafield tag="245" ind1="1" ind2="0"><subfield code="6">880-03</subfield><subfield code="a">Sharḥ al-Ājurrūmīyah,</subfield><subfield code="f">[875, i.e. 1471].</subfield></datafield><datafield tag="246" ind1="3" ind2=" "><subfield code="i">Title from inscription on 'title page' (p.1):</subfield><subfield code="a">هذا كتاب الحلاوي</subfield></datafield><datafield tag="260" ind1=" " ind2=" "><subfield code="a">[Damascus,</subfield><subfield code="c">1471].</subfield></datafield><datafield tag="300" ind1=" " ind2=" "><subfield code="a">75 leaves :</subfield><subfield code="b">paper ;</subfield><subfield code="c">183 x 140 (139 x 99) mm.</subfield></datafield><datafield tag="500" ind1=" " ind2=" "><subfield code="a">Shelfmark: Ann Arbor, University of Michigan, Special Collections Library, Isl. Ms. 623</subfield></datafield><datafield tag="500" ind1=" " ind2=" "><subfield code="a">Origin: As appears in colophon on p.149, copied by Muḥammad ibn Khālid Bīk [?] al-Raḥlāwī al-Shāfiʻī [?] in the Sumayṣāṭīyah madrasah in Damascus with transcription finished 10 Rajab 875 [ca. 2 January 1471]. Collation statement in the hand of the author also on p.149 indicates that this copy was collated with an exemplar in his hand and the collation completed 25 Shaʻbān 876 [ca. 6 February 1472].</subfield></datafield><datafield tag="500" ind1=" " ind2=" "><subfield code="a">Accompanying materials: a. Acquisitions slip from Yahuda.</subfield></datafield><datafield tag="500" ind1=" " ind2=" "><subfield code="a">Former shelfmark: From inner front cover and spine label, "IL 173" (likely supplied by Yahuda, see acquisitions slip).</subfield></datafield><datafield tag="500" ind1=" " ind2=" "><subfield code="a">Binding: Very thin pasteboards (only a few layers of paper thick) covered in surface-dyed black paper with recycled paper (i.e. manuscript 'waste') and parchment over spine ; Type III binding (without flap) ; 'board linings' and hinges in recycled paper ; original sewing stations visible (two plus primaries) though now resewn in cream thread (mainly stab sewn) and sewn through spine at center with threads visible on spine and at p.66 and p.75 ; overall in quite poor condition with significant lifting and losses of paper and spine parchment, delamination of 'boards' (layers of recycled paper visible in upper cover), moisture damage, etc. ; housed in box for protection.</subfield></datafield><datafield tag="500" ind1=" " ind2=" "><subfield code="a">Support: non-European (likely Arab) laid paper of perhaps two 'types', the first with roughly 8 laid lines per cm. (vertical) and chain lines grouped in threes with 11-14 mm. between the chains and 33 mm. between the groups (see bifolium pp.109-112), the second with 9-10 mm. between the chains and and 42-44 mm. between the groups (see bifolium pp.67-74, 107-114, etc.) ; mould marks are only faintly visible in many leaves of both 'types', both very sturdy though soft, burnished and quite smooth, with some inclusions ; second quire (replacement) on European laid paper with 7 laid lines per cm. (vertical), chain lines spaced 28 mm. apart (horizontal), and crown-star-crescent watermark (roughly 60 mm. in height, see pp.30-32) ; alternating bifolia in fifth quire tinted yellow.</subfield></datafield><datafield tag="500" ind1=" " ind2=" "><subfield code="a">Decoration: Keywords and text being commented upon (matn al-Ājurrūmīyah) rubricated ; textual dividers in the form of inverted commas.</subfield></datafield><datafield tag="500" ind1=" " ind2=" "><subfield code="a">Script: Naskh ; at least three fine Syrian hands as well as hand of replacement leaves ; opening hand virtually serifless (though occasional head-serifs appear on free-standing alif), with curvilinear descenders, rightward descenders tapered, mainly open counters, pointing in distinct dots, alif of قال often curving back as if to supply pointing for qāf (though dots also appear) ; second quire on later replacement leaves in different, clear Turkish hand, with effect of tilt to the left ; hand from there until just before the close clear though angular with many closed counters, slight effect of tilt or inclination to the right, pointing in distinct dots, vertical character ; section toward the close in still a different hand, somewhat flattened and elongated in the horizontal, rounded with slight tilt to left, pointing mainly in distinct dots ; partially vocalized throughout.</subfield></datafield><datafield tag="500" ind1=" " ind2=" "><subfield code="a">Layout: Written in 17 lines per page ; frame-ruled.</subfield></datafield><datafield tag="500" ind1=" " ind2=" "><subfield code="a">Collation: 6 V(60), V-1 (69), III (75) ; chiefly quinions ; second quire replaced (likely 17th century) ; catchwords present ; pagination in pencil, Western numerals, supplied during digitization.</subfield></datafield><datafield tag="500" ind1=" " ind2=" "><subfield code="a">Colophon: "Scribal," rectangular, reads "وكان الفراغ من هذه النسخة المبراكة ان شاء [؟] الله تعالى على يد الفقير المذنب الحقير محمد بن خالد بك [؟] الرحلاوي الشافعى [؟] بدمشق المحروسة بمدرسة السميصاطية ... عاشر شهر رجب الفرد المعظم من شهور سنة خمسة وسبعين وثمانمائة والحمد لله ..."</subfield></datafield><datafield tag="500" ind1=" " ind2=" "><subfield code="a">Explicit: "وهي عبارة عما افادت تعريفا كما تقدم كقولك عبد الله او تخصيصا كقوله صلى الله عليه وسلم صلى الله عليه وسلم خمس صلوات كتبهن الله وصلى الله على سيدنا محمد خير خلق الله واخوانه من النبيين وال كل وصحب كل وسائر عباد الله الصالحين وسلم افضل صلواته وسلامه عدد معلوماته كلما ذكر الذاكرون وعقل عن ذكره العاقلون تم [؟] وحسبنا الله ونعم الوكيل ولا قوة الا بالله العلي العظيم والحمد لله رب العالمين ونسأل الله المغفرة لنا ولجميع المسلمين"</subfield></datafield><datafield tag="500" ind1=" " ind2=" "><subfield code="a">Incipit: "وبه نستعين اللهم صل على سيدنا محمد وآله وصحبه وسلم الحمد لله الذي علم بالقلم علم الانسان ما لم يعلم وصلى الله وسلم على سيدنا ومولانا محمد ... اما بعد فيقول اضعف عباد الله تعالى واحوجهم الى عفوه ومغرفته ورحمته محمد بن محمد ابن الحلاوي غفر الله ذنوبه وستر عيوبه في الدنيا والاخرة امين [لما] رأيت قلوب طلبة العلم من تحصيل ابناء زماننا اسعدهم الله مشغوفة ... المختصر في علم النحو للشيخ الامام ابي عبد الله محمد بن محمد بن داود ... الشهير بالجرومي ... واقسم علي من لا اقدر حنثه لما وجب علي من حقه ان اجمع شرحا على هذا المختصر ..."</subfield></datafield><datafield tag="500" ind1=" " ind2=" "><subfield code="a">Title from inscription on interior of upper cover.</subfield></datafield><datafield tag="500" ind1=" " ind2=" "><subfield code="a">Ms. codex.</subfield></datafield><datafield tag="510" ind1="4" ind2=" "><subfield code="a">Ḥājjī Khalīfah. Kashf al-ẓunūn,</subfield><subfield code="c">vi 73</subfield></datafield><datafield tag="510" ind1="4" ind2=" "><subfield code="a">Brockelmann, C. GAL,</subfield><subfield code="c">II 238 no. 4</subfield></datafield><datafield tag="520" ind1="8" ind2=" "><subfield code="a">Fine copy (even collated by the author himself) of the commentary by Muḥammad ibn Muḥammad al-Ḥalāwī al-Maqdisī (d.1478) on Ibn Ājurrūm's (d.1323) concise treatise on iʻrāb, al-Muqaddamah al-Ājurrūmīyah.</subfield></datafield><datafield tag="538" ind1=" " ind2=" "><subfield code="a">Mode of access: Internet.</subfield></datafield><datafield tag="541" ind1=" " ind2=" "><subfield code="a">Acquired in 1926 from the bookseller Isaac Benjamin S.E. Yahuda via purchase transacted on his behalf by his younger brother, the famous Orientalist and manuscript collector Abraham Shalom Yahuda (1877-1951).</subfield></datafield><datafield tag="546" ind1=" " ind2=" "><subfield code="a">Arabic.</subfield></datafield><datafield tag="561" ind1=" " ind2=" "><subfield code="a">Ownership statement on 'title page' (p.1) in name of Ḥasan al-Rizq accompanied by circular seal impression (repeated more clearly on p.3) , statement reads "ملكه بالشراء الشرعي حسن الرزق [؟]" and seal impression reads "حسن الرزق ١٣١٤" ; another ownership statement on 'title page' (p.1) appears to be in name of one [...?] Shams al-Dīn al-Armanāzī reads "ملكه من فضل ربه عز وجل [...؟] شمس الدين الارمنازي عفي عنه" ; another nearly effaced ownership statement in name of Muḥyī [al-Dīn ?] al-Dādīkhī ( محيي ... الداديخي ) also on 'title page' (p.1) ; collation statement on p.149 appears to be in the hand of the author, reads "الحمد لله بلغ مقابلة من اوله الى اخره على خط مؤلفه وذلك في الخامس والعشرون [؟] من شعبان من شهور سنة ٨٧٦ كتبه مؤلفه غفر الله له ; among excerpts on verso of final leaf (p.150), gift statement in name of Sayadizade Mehmet Efendi (صيادى زاده السيد محمد افندى / Ṣayādīʻzādah al-Sayyid Muḥammad Afandī) and Hasan Bey Halit ( حسن بيك خالد / Ḥasan Bīk Khālid) [?] as well as bequest statement in name of al-Shaykh ʻAlwān ( الشيخ علوان) signed by al-Shaykh Yūsuf (الشيخ يوسف) ; occasional marginal corrections.</subfield></datafield><datafield tag="600" ind1="1" ind2="0"><subfield code="a">Ibn Ājurrūm, Muḥammad ibn Muḥammad,</subfield><subfield code="d">1273 or 1274-1323.</subfield><subfield code="t">Ajurrūmīyah.</subfield></datafield><datafield tag="650" ind1=" " ind2="0"><subfield code="a">Manuscripts, Arabic</subfield><subfield code="z">Michigan</subfield><subfield code="z">Ann Arbor.</subfield></datafield><datafield tag="650" ind1=" " ind2="0"><subfield code="a">Arabic language</subfield><subfield code="x">Grammar</subfield><subfield code="v">Early works to 1800.</subfield></datafield><datafield tag="700" ind1="0" ind2=" "><subfield code="6">880-06</subfield><subfield code="a">Ḥasan al-Rizq,</subfield><subfield code="d">fl. 1896,</subfield><subfield code="e">former owner.</subfield></datafield><datafield tag="700" ind1="1" ind2=" "><subfield code="6">880-05</subfield><subfield code="a">Ḥalāwī, Muḥammad ibn Muḥammad,</subfield><subfield code="d">1416 or 1417-1478 or 1479.</subfield><subfield code="e">collator.</subfield></datafield><datafield tag="700" ind1="0" ind2=" "><subfield code="6">880-04</subfield><subfield code="a">Muḥammad ibn Khālid al-Raḥlāwī,</subfield><subfield code="d">fl. 1471,</subfield><subfield code="e">scribe.</subfield></datafield><datafield tag="773" ind1="0" ind2=" "><subfield code="a">Yahuda Collection.</subfield></datafield><datafield tag="880" ind1="0" ind2=" "><subfield code="6">700-06/</subfield><subfield code="a">حسن الرزق،</subfield><subfield code="e">مالك سابق.</subfield></datafield><datafield tag="880" ind1="1" ind2=" "><subfield code="6">700-05/</subfield><subfield code="a">حلاوي، محمد بن محمد،</subfield><subfield code="e">مقابل.</subfield></datafield><datafield tag="880" ind1="0" ind2=" "><subfield code="6">700-04/</subfield><subfield code="a">محمد بن خالد الرحلاوي،</subfield><subfield code="e">ناسخ.</subfield></datafield><datafield tag="880" ind1="1" ind2="0"><subfield code="6">245-03/</subfield><subfield code="a">شرح الآجرومية,</subfield><subfield code="f">[875ه, 1471م].</subfield></datafield><datafield tag="880" ind1="1" ind2=" "><subfield code="6">100-01/</subfield><subfield code="a">حلاوي، محمد بن محمد.</subfield></datafield><datafield tag="CID" ind1=" " ind2=" "><subfield code="a">006813649</subfield></datafield><datafield tag="DAT" ind1="0" ind2=" "><subfield code="a">20190719102638.0</subfield><subfield code="b">20190719000000.0</subfield></datafield><datafield tag="DAT" ind1="1" ind2=" "><subfield code="a">20190719090653.0</subfield><subfield code="b">2019-07-19T16:11:54Z</subfield></datafield><datafield tag="DAT" ind1="2" ind2=" "><subfield code="a">2015-10-02T18:00:03Z</subfield></datafield><datafield tag="CAT" ind1=" " ind2=" "><subfield code="a">SDR-MIU</subfield><subfield code="d">EX LIBRIS - ALEPH</subfield><subfield code="l">prepare.pl-004-008</subfield></datafield><datafield tag="FMT" ind1=" " ind2=" "><subfield code="a">BK</subfield></datafield><datafield tag="HOL" ind1=" " ind2=" "><subfield code="0">sdr-miu006813649</subfield><subfield code="a">MiU</subfield><subfield code="b">SDR</subfield><subfield code="c">MIU</subfield><subfield code="p">mdp.39015079128370</subfield><subfield code="s">MIU</subfield><subfield code="1">006813649</subfield></datafield><datafield tag="974" ind1=" " ind2=" "><subfield code="b">MIU</subfield><subfield code="c">MIU</subfield><subfield code="d">20190719</subfield><subfield code="s">lit-dlps-dc</subfield><subfield code="u">mdp.39015079128370</subfield><subfield code="y">1471</subfield><subfield code="r">pd</subfield><subfield code="q">bib</subfield><subfield code="t">non-US bib date1 &lt; 1879</subfield></datafield></record></collection>